@book{Baron92,
    title = "The English-only question: official language for Americans?",
    author = "Baron, Dennis",
    year = "1992",
    publisher = "Yale University Press"
    }
@book{Calvet96,
    title = "Les politiques linguistiques",
    author = "Calvet, Louis-Jean",
    year = "1996",
    publisher = "Presses universitaires de France"
    }
@book{Crawford94,
    title = "Language loyalties: A source book on the official English
    controversy",
    author = "Crawford, James",
    year = "1994",
    publisher = "University of Chicago Press"
    }
@article{Cardinal15,
    title = "Traditions étatiques et régimes linguistiques: comment et pourquoi
    s'opèrent les choix de politiques linguistiques?",
    author = "Cardinal, Linda and Selma Sonntag",
    year = "2015",
    journal = "Revue internationale de politique comparée",
    volume = "22"
    }
@article{Huerta07,
    title = "El discurso de la educación bilingüe en la frontera México-Estados
    Unidos: formación de identidades, relaciones de poder y opresión",
    author = "Huerta, Luis, María Mercado, Elva López-Reza, and Flor García Urías",
    year = "2007",
    journal = "Nóesis, revista de ciencias sociales y humanidades",
    volume = "16.32"
    }
@article{Klinkenberg16,
    title = "«Grandes langues» et langues minoritaires: deux politiques
    linguistiques?",
    author = "Klinkenberg, Jean-Marie",
    year = "2016",
    journal = "Lengas: revue de sociolinguistique",
    volume = "79"
    }
@article{Kobayashi09,
    title = "Hispanic immigrants and bilingual education after proposition 227:
    a case study of attitudes about language and culture in American society",
    author = "Kobayashi, Hiromi",
    year = "2009",
    journal = "Journal of political science and sociology",
    volume = "10"
    }
@article{Larson11,
    title = "Naming baby: the constitutional dimensions of parental naming
    rights",
    author = "Larson, Carlton",
    year = "2011",
    journal = "The George Washington Law Review",
    volume = "80.159"
    }
