@online{año-nuevo,
    title = "Año Nuevo State Park",
    organization = "California Department of Parks and Recreation",
    url = "http://www.parks.ca.gov/?page_id=523"
}
@book{baron92,
    title = "The English-only question: official language for Americans?",
    author = "Baron, Dennis",
    year = "1992",
    publisher = "Yale University Press"
    }
@book{calvet96,
    title = "Les politiques linguistiques",
    author = "Calvet, Louis-Jean",
    year = "1996",
    publisher = "Presses universitaires de France"
    }
@book{crawford94,
    title = "Language loyalties: A source book on the official English
    controversy",
    author = "Crawford, James",
    year = "1994",
    publisher = "University of Chicago Press",
    address = "Chicago"
    }
@misc{crc,
    title = "Convention on the Rights of the Child",
    organization = "United Nations General Assembly",
    year = "1989",
    address = "New York"
}
@online{cross-plat,
    title = "Guidance: cross platform character encoding profile",
    organization = "UK Government Digital Service",
    year = "2018",
    location = "London",
    url = "https://www.gov.uk/government/publications/open-standards-for-government/cross-platform-character-encoding-profile"
}
@article{Cardinal15,
    title = "Traditions étatiques et régimes linguistiques: comment et pourquoi
    s'opèrent les choix de politiques linguistiques?",
    author = "Cardinal, Linda and Selma Sonntag",
    year = "2015",
    journal = "Revue internationale de politique comparée",
    volume = "22"
    }
@article{Huerta07,
    title = "El discurso de la educación bilingüe en la frontera México-Estados
    Unidos: formación de identidades, relaciones de poder y opresión",
    author = "Luis Huerta and María Mercado and Elva López-Reza and Flor García Urías",
    year = "2007",
    journal = "Nóesis, revista de ciencias sociales y humanidades",
    volume = "16.32"
    }
@manual{ICAO9309,
    title = "Document 9309: Machine Readable Travel Documents",
    organization = "International Civil Aviation Organization",
    year = "2015",
    address = "Montréal"
}
@article{lafraniere09,
    title = "Name not on our list? change it, China says",
    author = "Sharon LaFraniere",
    journal = "The New York Times",
    address = "New York",
    year = "2009",
    url = "https://nyti.ms/2AnzZE4"
}
@article{Liu14,
    title = "Immigrant threat and national salience: understanding the
    ``English official'' movement in the United States",
    author = "Amy Liu and Anand Sokhey and Joshua Kennedy and Annie Miller",
    year = "2014",
    journal = "Research and Politics",
    volume = "1.1"
    }
@online{montaña-de-oro,
    title = "Montaña de Oro State Park",
    organization = "California Department of Parks and Recreation",
    url = "http://www.parks.ca.gov/?page_id=592"
}
@article{Klinkenberg16,
    title = "«Grandes langues» et langues minoritaires: deux politiques
    linguistiques?",
    author = "Klinkenberg, Jean-Marie",
    year = "2016",
    journal = "Lengas: revue de sociolinguistique",
    volume = "79"
    }
@article{Kobayashi09,
    title = "Hispanic immigrants and bilingual education after proposition 227:
    a case study of attitudes about language and culture in American society",
    author = "Kobayashi, Hiromi",
    year = "2009",
    journal = "Journal of political science and sociology",
    volume = "10"
    }
@article{larson11,
    title = "Naming baby: the constitutional dimensions of parental naming
    rights",
    author = "Larson, Carlton",
    year = "2011",
    journal = "The George Washington Law Review",
    volume = "80.159"
    }
